@phdthesis{Neish_Dissertation ,
author = {Andrew Neish},
title = {Establishing Trust through Authentication in Satellite Based Augmentation Systems}, 
publisher = {Stanford University}, 
address = {Stanford, CA},
year = {2020}
}

@inproceedings{time_sync_paper,
author = {Fernandez-Hernandez, Ignacio and Walter, Todd and Neish, Andrew and O’Driscoll, Cillian},
year = {2020},
month = {02},
pages = {964-978},
title = {Independent Time Synchronization for Resilient GNSS Receivers},
doi = {10.33012/2020.17190}
}

@article{perrig2005timed,
  title={Timed efficient stream loss-tolerant authentication (TESLA): Multicast source authentication transform introduction},
  author={Perrig, Adrian and Song, Dawn and Canetti, Ran and Tygar, JD and Briscoe, Bob},
  journal={Request For Comments},
  volume={4082},
  year={2005}
}

@article{MAAST,
author = {Jan, Shau-Shiun and Chan, Wyant and Walter, Todd and Enge, Per},
year = {2001},
month = {01},
pages = {},
title = {Matlab Simulation Toolset for SBAS Availability Analysis}
}

@inproceedings{other_schemes,
author = {Fernandez-Hernandez, Ignacio and Walter, Todd and Neish, Andrew and Anderson, Jason and Mabilleau, Mikael and Vecchione, Giovanni and Châtre, Eric},
year = {2021},
month = {01},
pages = {},
title = {SBAS Message Authentication: A review of Protocols, Figures of Merit and Standardization Plans},
doi = {10.33012/2021.17829}
}
